<record><leader>00000cas a22000007a 4500</leader><controlfield tag="001">35170862</controlfield><controlfield tag="008">960731d19291943ncucr ne      0    0eng d</controlfield><datafield ind1=" " ind2=" " tag="010"><subfield code="a">sn 96086016 </subfield></datafield><datafield ind1=" " ind2=" " tag="040"><subfield code="a">NVJ</subfield><subfield code="b">eng</subfield><subfield code="c">NVJ</subfield><subfield code="d">OCLCQ</subfield></datafield><datafield ind1=" " ind2=" " tag="042"><subfield code="a">msc</subfield></datafield><datafield ind1="0" ind2="0" tag="245"><subfield code="a">Person County times.</subfield></datafield><datafield ind1=" " ind2=" " tag="260"><subfield code="a">Roxboro, N.C. :</subfield><subfield code="b">J.S. Merritt</subfield></datafield><datafield ind1=" " ind2=" " tag="300"><subfield code="a">v.</subfield></datafield><datafield ind1=" " ind2=" " tag="310"><subfield code="a">Semiweekly,</subfield><subfield code="b">Apr. 4, 1937-&lt;Oct. 1943&gt;</subfield></datafield><datafield ind1=" " ind2=" " tag="321"><subfield code="a">Weekly,</subfield><subfield code="b">&lt;Oct. 8, 1929&gt;-Apr. 1, 1937</subfield></datafield><datafield ind1="1" ind2=" " tag="362"><subfield code="a">Began in 1929; ceased in Oct. 1943.</subfield></datafield><datafield ind1=" " ind2=" " tag="588"><subfield code="a">Description based on: Vol. 1, no. ? (Oct. 8th, 1929).</subfield></datafield><datafield ind1=" " ind2=" " tag="752"><subfield code="a">United States</subfield><subfield code="b">North Carolina</subfield><subfield code="c">Person</subfield><subfield code="d">Roxboro.</subfield></datafield><datafield ind1="0" ind2="7" tag="785"><subfield code="t">Roxboro courier</subfield><subfield code="w">(DLC)sn 92073208</subfield></datafield><datafield ind1="0" ind2="7" tag="785"><subfield code="t">Courier-times (Roxboro, N.C.)</subfield><subfield code="w">(DLC)sn 92061512</subfield></datafield></record>